<?xml version="1.0" encoding="UTF-8"?><collection xmlns="http://www.loc.gov/MARC21/slim"><record><leader>00424nam--2200121-i-4500</leader><controlfield tag="001">000018146</controlfield><controlfield tag="002">20161230</controlfield><controlfield tag="005">20161230201032</controlfield><controlfield tag="008">060222s1000------------r-----000-0-eng-d</controlfield><datafield ind1=" " ind2=" " tag="245"><subfield code="a">Elektroofen in der industrie der nicht - eisenmetalle</subfield></datafield><datafield ind1=" " ind2=" " tag="260"><subfield code="a">Leipzig, Akademische Verlagsgesellsch., 1956. 323 P</subfield></datafield><datafield ind1=" " ind2=" " tag="490"><subfield code="a">Handbuch Der Technischen Elektrochemie.Vierter Band-die Anwendung Des Elektrischen Ofens In Der Me</subfield></datafield><datafield ind1=" " ind2=" " tag="852"><subfield code="a">12285</subfield></datafield></record></collection>